@INPROCEEDINGS{related1,
author={Girgensohn, A. and Boreczky, J.},
booktitle={Multimedia Computing and Systems, 1999. IEEE International Conference on},
title={Time-constrained keyframe selection technique},
year={1999},
volume={1},
pages={756-761 vol.1},
}

@INPROCEEDINGS{related2,
author={Wolf, W.},
booktitle={Acoustics, Speech, and Signal Processing, 1996. ICASSP-96. Conference Proceedings., 1996 IEEE International Conference on},
title={Key frame selection by motion analysis},
year={1996},
volume={2},
pages={1228-1231 vol. 2},
}

@ARTICLE{related3,
author={Stringa, E. and Regazzoni, C.S.},
journal={Image Processing, IEEE Transactions on},
title={Real-time video-shot detection for scene surveillance applications},
year={2000},
volume={9},
number={1},
pages={69-79},
}

@INPROCEEDINGS{related4,
author={Lowe, D.G.},
booktitle={Computer Vision, 1999. The Proceedings of the Seventh IEEE International Conference on},
title={Object recognition from local scale-invariant features},
year={1999},
volume={2},
pages={1150-1157 vol.2},
}


@inproceedings{mapreduce,
  author = {Jeffrey Dean and Sanjay Ghemawat},
  title = {MapReduce: Simplified Data Processing on Large Clusters},
  booktitle = {OSDI},
  year = 2004
}

@inproceedings{seda,
  author = {Matt Welsh, David Culler, and Eric Brewer},
  title = {SEDA: An Architecture for Well-Conditioned, Scalable Internet Services},
  booktitle = {SOSP},
  year = 2001
}

@inproceedings{percolator,
  author = {Daniel Peng and Frank Dabek},
  title = {Large-scale Incremental Processing Using Distributed Transactions and Notifications},
  booktitle = {OSDI},
  year = 2010
}

@ONLINE{exynos,
author = "Samsung",
title = "Samsung Primes Exynos 5 Octa for ARM",
month = Sep,
year = 2013,
url = {http://www.samsung.com/global/business/semiconductor/minisite /Exynos/news\_Samsung\_Primes\_Exynos5Octa\_for\_ARM\_bigLITTLE \_Technology\_with\_Heterogeneous\_Multi\_Processing\_Capability.html}
}

@ONLINE{razr,
author = "Verizon",
title = "Verizon Wireless Introduces The MOTORAZR(2) V9m",
month = Aug,
year = 2007,
url = {http://www.verizonwireless.com/news/2007/08/pr2007-08-10.html}
}

@ONLINE{pi:faqs,
title = "Raspberry Pi FAQs",
url = {www.raspberrypi.org/faqs}
}

@ONLINE{pi:ideas,
author = "Nick Normal",
title = "47 Raspberry Pi Projects to Inspire Your Next Build",
month = Apr,
year = 2013,
url = {http://makezine.com/2013/04/14/47-raspberry-pi-
 projects-to-inspire -your-next-build/}
}

@ONLINE{cv:about,
title = "About OpenCV",
url = {http://opencv.org/about.html}
}






